@book{Goldin,
   title =     {Лабораторные занятия по физике},
   author =    {Гольдин, Л. Л. and Игошев, Ф. Ф. and Козел, С. М. and Можаев, В. В. and Ногинова, Л. В. and Самарский, Ю. А. and Францессон, А. В.},
   editor =    {Гольдин, Л. Л.},
   pagetotal = {704},
   location =  {М.},
   publisher = {ФМЛ},
   year =      {1983},
   url =       {http://gen.lib.rus.ec/book/index.php?md5=3b561d87db7f8181459b9433232e196e},
   language = {russian},
   langid = {russian},
}

@BOOK{Skvajrs,
	author = {Сквайрс, Дж.},
    editor = {Лейкин, Е. М.},
    translator = {Лейкин, Е. М.},
	title = {Практическая физика},
   location =  {М.},
	publisher = {Мир},
	year = {1971},
	pagetotal = {246},
	language = {russian},
	edition = {},
   language = {russian},
   langid = {russian},
}

@BOOK{PopovNovak,
   author = {Попов, П. В.},
   title = {Обработка результатов учебного эксперимента},
   location =  {М.},
   year = {2019},
   pagetotal = {49},
   language = {russian},
   language = {russian},
   langid = {russian},
   url = {https://mipt.ru/upload/medialibrary/111/main.pdf},
}

@online{PopovVideo,
   title = {Обработка результатов эксперимента},
   date = {2019},
   url = {https://bit.ly/3m2MlJJ},
   titleaddon = {Лекторий МФТИ},
   language = {russian},
   langid = {russian},
}


@book{TejlorErrors,
   title =     {Введение в теорию ошибок},
   author =    {Тейлор, Дж.},
    translator= {Деденко, Л. Г.},
   location =  {М.},
   publisher = {Мир},
   year =      {1985},
   language = {russian},
   language = {russian},
   pagetotal = {272},
   url =       {http://gen.lib.rus.ec/book/index.php?md5=ee91e5c8a709bbb30343663ef784427f}
}

@BOOK{Mitin,
   title = {Анализ и обработка экспериментальных данных},
   author =    {Митин, И. В. and Русаков, В. С.},
   location =  {М.},
   publisher = {Физфак МГУ},
   year =      {1985},
   url = {http://genphys.phys.msu.ru/rus/ofp/CanYouRound.pdf},
   language = {russian},
   langid = {russian},
}

@online{GnuPlot,
	title = {Введение в Gnuplot},
	url = {http://gnuplot.ikir.ru/intro/index-e.html},
	language = {russian},
	langid={russian},
}

@online{GnuPlotFit,
	title = {Fitting data with errors},
	url = {https://riptutorial.com/gnuplot/example/27491/fitting-data-with-errors},
	language = {english},
	langid={english},
}

@article{OREAR_LS,
    author = {Orear, Jay},
    title = {Least squares when both variables have uncertainties},
    journal = {American Journal of Physics},
    volume = {50},
    number = {10},
    pages = {912-916},
    year = {1982},
    doi = {10.1119/1.12972},
    URL = {https://doi.org/10.1119/1.12972},
    eprint = {https://doi.org/10.1119/1.12972},
        abstract = { The standard least‐squares method should not be applied to those rather common situations where both dependent and independent variables have errors. Instead, the effective variance method should be used. This method and the standard least‐squares method are presented, along with a derivation of the general form of the effective variance method.},
}